@ARTICLE{rossner2004,
  author = {Rossner, M and Yamada, K M},
  title = {What's in the picture? The temptation of image manipulation},
  journal = {Journal of Cell Biology},
  year = {2004},
  volume = {166},
  pages = {11-15}
}

@ARTICLE{wong2011,
  author = {Wong, B},
  title = {Points of view: Color blindness},
  journal = {Nature Methods},
  year = {2011},
  volume = {8},
  pages = {441}
}

@MISC{MacDev2011,
  author = {{The Mac Developer Library}},
  title = {Performing Convolution Operations},
  howpublished = {https://developer.apple.com/ library/ mac/ documentation/ Performance/ Conceptual/ vImage/ ConvolutionOperations/ ConvolutionOperations.html},
  year = {2011}, 
  note = {[Online; as of 19/11/2014]}
}

